@book{1_richardson_2007,
author={Richardson Leonard},
title={RESTful Web services},
place={Beijing},
publisher={O'Reilly},
year={2007}
},

@book{2_perrotta_2010,
author={Perrotta, Paolo},
title={Metaprogramming Ruby},
place={Raleigh, N.C.},
publisher={Pragmatic Bookshelf},
year={2010}
},

@book{3_sommerville_2011,
author={Sommerville, Ian},
title={Software engineering},
place={Boston},
publisher={Pearson},
year={2011}
}